@article{test_this_nodate,
  title  = {This is a real test},
  author = {Test, Tsfdds}
}
